<?xml version="1.0" encoding="UTF-8"?><collection><record><leader>05066ntm a2200517 a 4500</leader><controlfield tag="001">006836658</controlfield><controlfield tag="003">MiAaHDL</controlfield><controlfield tag="005">20190719000000.0</controlfield><controlfield tag="006">m        d        </controlfield><controlfield tag="007">cr bn ---auaua</controlfield><controlfield tag="008">090708s18uu    xx            00| ||per d</controlfield><datafield tag="035" ind1=" " ind2=" "><subfield code="a">(MiU)006836658</subfield></datafield><datafield tag="035" ind1=" " ind2=" "><subfield code="a">sdr-miu006836658</subfield></datafield><datafield tag="040" ind1=" " ind2=" "><subfield code="a">MiU</subfield><subfield code="c">MiU</subfield><subfield code="e">amremm</subfield></datafield><datafield tag="043" ind1=" " ind2=" "><subfield code="a">n-us-mi</subfield></datafield><datafield tag="100" ind1="1" ind2=" "><subfield code="6">880-01</subfield><subfield code="a">S̲anāʼī, Ḥusayn ibn Ghiyās̲ al-Dīn ʻAlī al-Mashhadī,</subfield><subfield code="d">d. 1587?</subfield></datafield><datafield tag="245" ind1="1" ind2="0"><subfield code="6">880-03</subfield><subfield code="a">Divān-i S̲anāʼī,</subfield><subfield code="f">[19th century?].</subfield></datafield><datafield tag="246" ind1="3" ind2=" "><subfield code="a">ديوان ثنائى</subfield></datafield><datafield tag="260" ind1=" " ind2=" "><subfield code="c">[18--?].</subfield></datafield><datafield tag="300" ind1=" " ind2=" "><subfield code="a">116 leaves :</subfield><subfield code="b">paper ;</subfield><subfield code="c">229 x 140 (165 x 90) mm. bound to 236 x 152 mm.</subfield></datafield><datafield tag="500" ind1=" " ind2=" "><subfield code="a">Shelfmark: Ann Arbor, University of Michigan, Special Collections Library, Isl. Ms. 864</subfield></datafield><datafield tag="500" ind1=" " ind2=" "><subfield code="a">Origin: Lacks dated colophon ; paper, etc. would suggest late 18th or 19th century [as proposed by G. Meredith-Owens].</subfield></datafield><datafield tag="500" ind1=" " ind2=" "><subfield code="a">Accompanying materials: a. Slip of paper with notes in handwriting of G. Meredith-Owens "MO 3. Persian | Dīvān of S̲anāʼī in two different hands (perhaps from two incomplete copies of the same work). Undated. XIXth century." -- b. Slip of paper with note "counted for 1968/69 Annual Report" -- c. Recycled card with note "binding by Menzies, London, 1914" -- d. Slip of paper: "Persian MSS (Heyworth-Dunne?) with Meredith-Owens notes."</subfield></datafield><datafield tag="500" ind1=" " ind2=" "><subfield code="a">Former shelfmark: Mich. Isl. Ms. temp. no. 13</subfield></datafield><datafield tag="500" ind1=" " ind2=" "><subfield code="a">Binding: Boards covered in mauve paper (blotched design evoking marbling) with red-brown leather over spine and board corners (half binding) ; Western style binding ; pastedowns and flyleaves in untinted wove paper ; head edge of text block gilt ; spine gold-stamped with "PERSIAN MSS." and accents on raised bands ; sewn in white thread over five recessed cords ; stuck-on endbands in green, red and white stripes ; overall in good condition with minor abrasion, etc.</subfield></datafield><datafield tag="500" ind1=" " ind2=" "><subfield code="a">Support: non-European (likely Indian or Persian) laid paper of two types ; opening excerpt on a type with roughly 7 laid lines per cm. (vertical or horizontal, somewhat indistinct, some curving) and no chain lines plainly visible, cloudy formation, thin and transluscent though sturdy, dark cream with a grayish tint ; latter excerpt on a type with roughly 8 laid lines per cm. (vertical, somewhat indistinct) and chain lines visible (see p.198, etc.), cloudy formation, sturdy though transluscent, grayish tint ; replacement leaves in European wove paper.</subfield></datafield><datafield tag="500" ind1=" " ind2=" "><subfield code="a">Decoration: Diagram accompanying excerpt on p.227.</subfield></datafield><datafield tag="500" ind1=" " ind2=" "><subfield code="a">Script: Nastaʻlīq and shikastah (shikastah-nastaʻlīq / شكسته نستعليق) ; two main hands ; opening section (pp.25-180) in a large, elegant nastaʻlīq in a heavy line, serifless with elongation of horizontal strokes, descent of words to baseline, pointing in distinct or conjoined dots ; latter section (pp.197-208) mainly in a brisk shikastah-nastaʻlīq, serifless and more compact with sweeping descenders and elongated horizontal strokes (p.197 in a different nastaʻlīq) ; glosses and excerpts at close (pp.225-227) in still different hands.</subfield></datafield><datafield tag="500" ind1=" " ind2=" "><subfield code="a">Layout: Written in up to 15 lines per page, divided to two columns.</subfield></datafield><datafield tag="500" ind1=" " ind2=" "><subfield code="a">Collation: ii, III (6), II (10), IV-2 (16), 10 IV(88), 2 II(96), IV-2 (102), 2 II(110), 2 (112), II (116), ii ; original gatherings exclusively quaternions (some anomalous) ; blank replacement leaves inserted where text lacks ; middle of the quire marks in the form of black oblique strokes, upper outer corner of the right-hand leaf, lower outer corner of the left-hand leaf ; catchwords present ; foliation in now grey ink, Western numerals ; pagination in pencil, Western numerals, supplied during digitization (includes flyleaves).</subfield></datafield><datafield tag="500" ind1=" " ind2=" "><subfield code="a">Explicit: "... امر است تمام شد دیوان ثنائی"</subfield></datafield><datafield tag="500" ind1=" " ind2=" "><subfield code="a">Title from close on p.208.</subfield></datafield><datafield tag="500" ind1=" " ind2=" "><subfield code="a">Ms. composite codex.</subfield></datafield><datafield tag="510" ind1="4" ind2=" "><subfield code="a">Muḥsin al-Amīn. Aʻyān al-Shīʻah,</subfield><subfield code="c">v. 5 p.465</subfield></datafield><datafield tag="510" ind1="4" ind2=" "><subfield code="a">İsmail Paşa. Īḍāḥ al-maknūn,</subfield><subfield code="c">1/495</subfield></datafield><datafield tag="520" ind1="8" ind2=" "><subfield code="a">Composite copy of the Dīvān of S̲anāʼī (Ḥusayn ibn Ghiyās̲ al-Dīn ʻAlī al-Mashhadī, d.1587?), acephalous and incomplete, possibly compiled from two incomplete copies with blank replacement leaves inserted where text was lacking.</subfield></datafield><datafield tag="538" ind1=" " ind2=" "><subfield code="a">Mode of access: Internet.</subfield></datafield><datafield tag="541" ind1=" " ind2=" "><subfield code="c">Gift ;</subfield><subfield code="a">Acquired from Frank E. Nuttall (1875-1943).</subfield></datafield><datafield tag="546" ind1=" " ind2=" "><subfield code="a">Persian.</subfield></datafield><datafield tag="561" ind1=" " ind2=" "><subfield code="a">Back flyleaf (p.239) stamped in black ink "FAZAKERLEY BINDER MANCHESTER" ; extensive marginal and interlinear glosse ; collation marks (unpointed "بلغ") in opening section.</subfield></datafield><datafield tag="650" ind1=" " ind2="0"><subfield code="a">Manuscripts, Persian</subfield><subfield code="z">Michigan</subfield><subfield code="z">Ann Arbor.</subfield></datafield><datafield tag="650" ind1=" " ind2="0"><subfield code="a">Persian poetry</subfield><subfield code="y">1500-1796.</subfield></datafield><datafield tag="700" ind1="1" ind2=" "><subfield code="a">Nuttall, Frank E.,</subfield><subfield code="d">1875-1943,</subfield><subfield code="e">former owner.</subfield></datafield><datafield tag="773" ind1="0" ind2=" "><subfield code="a">F. E. Nuttall Collection.</subfield></datafield><datafield tag="880" ind1="1" ind2="0"><subfield code="6">245-03/</subfield><subfield code="a">دیوان ثنائی,</subfield><subfield code="f">[قرن 19م؟].</subfield></datafield><datafield tag="880" ind1="1" ind2=" "><subfield code="6">100-01/</subfield><subfield code="a">ثنائى, حسين ابن غياث الدين على المشهدى.</subfield></datafield><datafield tag="CID" ind1=" " ind2=" "><subfield code="a">006836658</subfield></datafield><datafield tag="DAT" ind1="0" ind2=" "><subfield code="a">20190719102641.0</subfield><subfield code="b">20190719000000.0</subfield></datafield><datafield tag="DAT" ind1="1" ind2=" "><subfield code="a">20190719090653.0</subfield><subfield code="b">2019-07-19T16:10:52Z</subfield></datafield><datafield tag="DAT" ind1="2" ind2=" "><subfield code="a">2015-10-02T18:00:03Z</subfield></datafield><datafield tag="CAT" ind1=" " ind2=" "><subfield code="a">SDR-MIU</subfield><subfield code="d">EX LIBRIS - ALEPH</subfield><subfield code="l">prepare.pl-004-008</subfield></datafield><datafield tag="FMT" ind1=" " ind2=" "><subfield code="a">BK</subfield></datafield><datafield tag="HOL" ind1=" " ind2=" "><subfield code="0">sdr-miu006836658</subfield><subfield code="a">MiU</subfield><subfield code="b">SDR</subfield><subfield code="c">MIU</subfield><subfield code="p">mdp.39015079132414</subfield><subfield code="s">MIU</subfield><subfield code="1">006836658</subfield></datafield><datafield tag="974" ind1=" " ind2=" "><subfield code="b">MIU</subfield><subfield code="c">MIU</subfield><subfield code="d">20190719</subfield><subfield code="s">lit-dlps-dc</subfield><subfield code="u">mdp.39015079132414</subfield><subfield code="y">1899</subfield><subfield code="r">pd</subfield><subfield code="q">exp</subfield></datafield></record></collection>